@book{c45,
	added-at = {2008-02-29T15:06:40.000+0100},
	address = {San Francisco, CA, USA},
	author = {Quinlan, J. Ross},
	biburl = {http://www.bibsonomy.org/bibtex/2c0e213c325fbfc0d8ee914255cc4ee24/beate},
	description = {C4.5: programs for machine learning},
	interhash = {1a265267f55efc59cd96ecb93a69b520},
	intrahash = {c0e213c325fbfc0d8ee914255cc4ee24},
	isbn = {1-55860-238-0},
	keywords = {c4.5 machine-learning},
	publisher = {Morgan Kaufmann Publishers Inc.},
	timestamp = {2008-02-29T15:06:40.000+0100},
	title = {C4.5: programs for machine learning},
	url = {http://portal.acm.org/citation.cfm?id=152181},
	year = 1993
}

@book{curse1,
	added-at = {2008-03-17T11:27:54.000+0100},
	address = {Princeton, NJ},
	author = {Bellman, Richard},
	biburl = {http://www.bibsonomy.org/bibtex/29cdd821222218ded252c8ba5cd712666/nlp},
	interhash = {acf948462171ca060064a7ded257a792},
	intrahash = {9cdd821222218ded252c8ba5cd712666},
	keywords = {2000 book nlp},
	publisher = {Princeton University Press},
	timestamp = {2008-03-17T11:27:54.000+0100},
	title = {Dynamic Programming},
	year = 1957
}

@inproceedings{curse2,
	added-at = {2012-09-17T00:00:00.000+0200},
	author = {Beyer, Kevin S. and Goldstein, Jonathan and Ramakrishnan, Raghu and Shaft, Uri},
	biburl = {http://www.bibsonomy.org/bibtex/2b0beff3a9fa219560f51295a27a3fc5a/dblp},
	booktitle = {ICDT},
	cite = {conf/icde/WhiteJ96},
	editor = {Beeri, Catriel and Buneman, Peter},
	ee = {http://dx.doi.org/10.1007/3-540-49257-7_15},
	interhash = {17f2a2126af823b1b135231d1c189e7d},
	intrahash = {b0beff3a9fa219560f51295a27a3fc5a},
	isbn = {3-540-65452-6},
	keywords = {dblp},
	pages = {217-235},
	publisher = {Springer},
	series = {Lecture Notes in Computer Science},
	timestamp = {2012-09-17T00:00:00.000+0200},
	title = {When Is ''Nearest Neighbor'' Meaningful?},
	url = {http://dblp.uni-trier.de/db/conf/icdt/icdt99.html#BeyerGRS99},
	volume = 1540,
	year = 1999
}

@inproceedings{dbscan,
	added-at = {2011-10-18T11:29:50.000+0200},
	author = {Ester, Martin and Kriegel, Hans-Peter and Sander, J{\"o}rg and Xu, Xiaowei},
	biburl = {http://www.bibsonomy.org/bibtex/289e04610c1b5f2fa147398826b502a2d/mhwombat},
	booktitle = {Proc. of 2nd International Conference on Knowledge Discovery and},
	interhash = {ba33e4d6b4e5b26bd9f543f26b7d250a},
	intrahash = {89e04610c1b5f2fa147398826b502a2d},
	keywords = {clustering},
	pages = {226-231},
	timestamp = {2011-10-18T11:29:50.000+0200},
	title = {A Density-Based Algorithm for Discovering Clusters in Large Spatial Databases with Noise},
	year = 1996
}

@book{effectiveCpp,
	added-at = {2008-07-08T12:00:58.000+0200},
	author = {Meyers, Scott},
	biburl = {http://www.bibsonomy.org/bibtex/2c36abff3efd8484a4518c16109652e28/gwpl},
	interhash = {df9d8b3911bad106235dbfd0b0d453b5},
	intrahash = {c36abff3efd8484a4518c16109652e28},
	isbn = {0321334876},
	keywords = {Cpp},
	publisher = {Addison-Wesley Professional},
	timestamp = {2008-07-08T12:00:58.000+0200},
	title = {Effective C++: 55 Specific Ways to Improve Your Programs and Designs (3rd Edition)},
	year = 2005
}

@inproceedings{enclus,
	added-at = {2012-12-12T00:00:00.000+0100},
	author = {Cheng, Chun Hung and Fu, Ada Wai-Chee and Zhang, Yi},
	biburl = {http://www.bibsonomy.org/bibtex/21bf74e4ce89a1b38e22fbb3fce564702/dblp},
	booktitle = {KDD},
	editor = {Fayyad, Usama M. and Chaudhuri, Surajit and Madigan, David},
	ee = {http://doi.acm.org/10.1145/312129.312199},
	interhash = {0dd52a2d7c1d8e1f402a905d091c63b6},
	intrahash = {1bf74e4ce89a1b38e22fbb3fce564702},
	isbn = {1-58113-143-7},
	keywords = {dblp},
	pages = {84-93},
	publisher = {ACM},
	timestamp = {2012-12-12T00:00:00.000+0100},
	title = {Entropy-based Subspace Clustering for Mining Numerical Data.},
	url = {http://dblp.uni-trier.de/db/conf/kdd/kdd99.html#ChengFZ99},
	year = 1999
}

@inproceedings{hics,
	added-at = {2012-07-04T00:00:00.000+0200},
	author = {Keller, Fabian and M{\"u}ller, Emmanuel and B{\"o}hm, Klemens},
	biburl = {http://www.bibsonomy.org/bibtex/2836f2e47b8bea5e599aadd1f9e802e21/dblp},
	booktitle = {ICDE},
	editor = {Kementsietsidis, Anastasios and Salles, Marcos Antonio Vaz},
	ee = {http://doi.ieeecomputersociety.org/10.1109/ICDE.2012.88},
	interhash = {1a71fc29f1b185335b9bff64d671caf9},
	intrahash = {836f2e47b8bea5e599aadd1f9e802e21},
	isbn = {978-0-7685-4747-3},
	keywords = {dblp},
	pages = {1037-1048},
	publisher = {IEEE Computer Society},
	timestamp = {2012-07-04T00:00:00.000+0200},
	title = {HiCS: High Contrast Subspaces for Density-Based Outlier Ranking.},
	url = {http://dblp.uni-trier.de/db/conf/icde/icde2012.html#KellerMB12},
	year = 2012
}

@article{listingCliques,
	added-at = {2011-12-05T00:00:00.000+0100},
	author = {Eppstein, David and L{\"o}ffler, Maarten and Strash, Darren},
	biburl = {http://www.bibsonomy.org/bibtex/28e7bbbdd28b452293b15b9d3632c04d3/dblp},
	ee = {http://arxiv.org/abs/1006.5440},
	interhash = {bb04b43e9d38f9b3a941019b96b601ec},
	intrahash = {8e7bbbdd28b452293b15b9d3632c04d3},
	journal = {CoRR},
	keywords = {dblp},
	timestamp = {2011-12-05T00:00:00.000+0100},
	title = {Listing All Maximal Cliques in Sparse Graphs in Near-optimal Time},
	url = {http://dblp.uni-trier.de/db/journals/corr/corr1006.html#abs-1006-5440},
	volume = {abs/1006.5440},
	year = 2010
}

@inproceedings{lof,
	added-at = {2012-09-14T00:00:00.000+0200},
	author = {Breunig, Markus M. and Kriegel, Hans-Peter and Ng, Raymond T. and Sander, J{\"o}rg},
	biburl = {http://www.bibsonomy.org/bibtex/2718b64f5d86c45b4c674d5b01145ca67/dblp},
	booktitle = {SIGMOD Conference},
	cite = {conf/sigmod/ZhangRL96},
	editor = {Chen, Weidong and Naughton, Jeffrey F. and Bernstein, Philip A.},
	ee = {http://doi.acm.org/10.1145/342009.335388},
	interhash = {61b8db593b5671c834ba760e28e4c63d},
	intrahash = {718b64f5d86c45b4c674d5b01145ca67},
	isbn = {1-58113-218-2},
	keywords = {dblp},
	pages = {93-104},
	publisher = {ACM},
	timestamp = {2012-09-14T00:00:00.000+0200},
	title = {LOF: Identifying Density-Based Local Outliers.},
	url = {http://dblp.uni-trier.de/db/conf/sigmod/sigmod2000.html#BreunigKNS00},
	year = 2000
}

@article{pca,
	added-at = {2007-10-02T00:00:00.000+0200},
	author = {Sharma, Alok and Paliwal, Kuldip K.},
	biburl = {http://www.bibsonomy.org/bibtex/209b3d4e2eabe539a6a9fb4233251071d/dblp},
	date = {2007-10-02},
	description = {dblp},
	ee = {http://dx.doi.org/10.1016/j.patrec.2007.01.012},
	interhash = {a32be67501182bb9d6cb477fbd379262},
	intrahash = {09b3d4e2eabe539a6a9fb4233251071d},
	journal = {Pattern Recognition Letters},
	keywords = {dblp},
	number = 10,
	pages = {1151-1155},
	timestamp = {2007-10-02T00:00:00.000+0200},
	title = {Fast principal component analysis using fixed-point algorithm.},
	url = {http://dblp.uni-trier.de/db/journals/prl/prl28.html#SharmaP07},
	volume = 28
}

